<?xml version="1.0" encoding="UTF-8"?><collection xmlns="http://www.loc.gov/MARC21/slim"><record><leader>00438nam--2200145-i-4500</leader><controlfield tag="001">000018835</controlfield><controlfield tag="002">20161230</controlfield><controlfield tag="005">20170126002833</controlfield><controlfield tag="008">060222s1000------------r-----000-0-eng-d</controlfield><datafield ind1=" " ind2=" " tag="100"><subfield code="a">Eisenkolb, Friedrich</subfield></datafield><datafield ind1=" " ind2=" " tag="245"><subfield code="a">Fortschritte der pulvermetallurgie. Technologische einrichtungen und pulvermetallurgische werkstoffe</subfield></datafield><datafield ind1=" " ind2=" " tag="260"><subfield code="a">Berlin</subfield><subfield code="b">Akademie-Verlag</subfield><subfield code="c">1963</subfield></datafield><datafield ind1=" " ind2=" " tag="300"><subfield code="a">XVIII + 976 p</subfield></datafield><datafield ind1=" " ind2=" " tag="852"><subfield code="a">9742</subfield></datafield><datafield ind1=" " ind2=" " tag="CAT"><subfield code="a">SYS</subfield><subfield code="c">20170126</subfield><subfield code="h">002833</subfield></datafield></record></collection>